% Encoding: UTF-8

@Book{Davidson-Pilon2015,
  title     = {Bayesian Methods for Hackers: Probabilistic Programming and Bayesian Inference},
  publisher = {Addison-Wesley Professional},
  year      = {2015},
  author    = {Davidson-Pilon, Cameron},
  edition   = {1st},
  isbn      = {0133902838, 9780133902839},
  url       = {https://camdavidsonpilon.github.io/Probabilistic-Programming-and-Bayesian-Methods-for-Hackers/#tensorflow},
}

@Comment{jabref-meta: databaseType:bibtex;}

% Encoding: UTF-8
